<?xml version="1.0" encoding="UTF-8"?><collection xmlns="http://www.loc.gov/MARC21/slim"><record><leader>00414nam--2200121-i-4500</leader><controlfield tag="001">000004989</controlfield><controlfield tag="002">20161230</controlfield><controlfield tag="005">20161230201026</controlfield><controlfield tag="008">060222s1000------------r-----000-0-eng-d</controlfield><datafield ind1=" " ind2=" " tag="100"><subfield code="a">Ballarin, Silvio</subfield></datafield><datafield ind1=" " ind2=" " tag="245"><subfield code="a">Un quarantennio di osservazioni di strapiombo sul campanile del duomo di pisa</subfield></datafield><datafield ind1=" " ind2=" " tag="260"><subfield code="a">Pisa, Tip.Editrice Comm.U.Giardini, 1959</subfield></datafield><datafield ind1=" " ind2=" " tag="490"><subfield code="a">Pubblicazioni Della Facolta D Ingegneria Dell Universita Di Pisa</subfield></datafield></record></collection>